@CONFERENCE{امین‌طوسی87استفاده,
  author =       {امین‌طوسی،محمود and others},
  title =        {استفاده از تجزیه ماتریس در وضوح برتر},
  booktitle =    {پنجمین کنفرانس بینائی ماشین},
  year =         {1387},
  address =      {تبریز، ایران},
  pages = 		 {100-104},
  language =     {Persian}
}

@MASTERSTHESIS{Khalighi07MscThesis,
  AUTHOR =       {خلیقی، وفا},
  TITLE =        {نظریه رسته},
  SCHOOL =       {دانشکده ریاضی، دانشگاه سیدنی},
  YEAR =         {2007},
  month =        {آوریل},
  note = 		{(به انگلیسی)},
  language =     {Persian}
}

@MASTERSTHESIS{Khalighi08MscThesis,
  AUTHOR =       {Vafa KHALIGHI},
  TITLE =        {Category Theory},
  SCHOOL =       {Sydny Univ.},
  YEAR =         {2007},
  month =        {April},
  language =     {Persian}
}

@MASTERSTHESIS{امین‌طوسی78ارشد,
  AUTHOR =       {محمود امین‌طوسی},
  TITLE =        {جورچینی با شبکه‌های عصبی و الگوریتم ژنتیک},
  SCHOOL =       {دانشکده مهندسی کامپیوتر، دانشگاه فردوسی مشهد},
  YEAR =         {1378},
  month =        {شهریور},
  language =     {Persian}
}

@PHDTHESIS{امیدعلی82دکترا,
  AUTHOR =       {امیدعلی، مهدی},
  TITLE =        {تابع هیلبرت},
  SCHOOL =       {دانشکده ریاضی، دانشگاه امیرکبیر},
  YEAR =         {1382},
  month =        {تیر},
  language =     {Persian}
}

@misc{خلیقی۸۷زی‌پرشین,
  AUTHOR =       {خلیقی،وفا  and امیدعلی، مهدی and  واحدی،مصطفی},
  TITLE =        {زی‌پرشین (\lr{\XePersian}): بسته فارسی برای حروف‌چینی در \lr{\LaTeX2e}},
  HOWPUBLISHED =    {\lr{http://wiki.parsilatex.org}},
  YEAR =         {۱۳۸۷},  
  language =     {Persian}
  }

@BOOK{استالینگ۸۰کتاب,
  AUTHOR =       {استالینگ،ویلیام},
  editor =       {برنجکوب،محمود},
  translator =       { صدیقی‌ مشکنانی، محسن and پدرام،حسین },
  TITLE =        {اصول طراحی و ویژگیهای داخلی سیستم‌های عامل},
  PUBLISHER =    {نشر شیخ بهایی},
  YEAR =         {۱۳۸۰},
  address =      {اصفهان},
  edition =      {سوم},
  month =        {بهار},
  language =     {Persian}
}

  
@article{واحدی87,
        AUTHOR = "واحدی،مصطفی ",
        TITLE = "موضوعی جدید در هندسه محاسباتی",
        JOURNAL = {مجله فارسی},
        VOLUME = "1",
        YEAR = "1387",
        NUMBER = "2",
        MONTH = "آبان",
        PAGES = "22-30",
		language =     "Persian"
}

@misc{Khalighi08xepersian,
        AUTHOR ={خلیقی,وفا  and امیدعلی, مهدی and واحدی,مصطفی},
		TITLE = {زی‌پرشین (\lr{\XePersian}): بسته فارسی برای حروف‌چینی در \lr{\LaTeX2e}},
		HOWPUBLISHED = {\lr{http://parsilatex.org}},
        YEAR = "2008",
		language =     "Persian"
}


@INPROCEEDINGS{Tsai84multiframe,
  AUTHOR =       { Tsai,R. and Huang, T. },
  TITLE =        {Multiframe image restoration and registration},
  BOOKTITLE =    {Advances in Computer Vision and Image Processing},
  YEAR =         {1984},
  editor =       {R. Y. Tsai and T. S. Huang},
  volume =       {1},
  pages =        {317-339},
  publisher =    {JAI Press Inc}
}