@article{Baker02limits,
 author = {Baker,, Simon and Kanade,, Takeo},
 title = {Limits on Super-Resolution and How to Break Them},
 journal = {IEEE Trans. Pattern Anal. Mach. Intell.},
 volume = {24},
 number = {9},
 year = {2002},
 issn = {0162-8828},
 pages = {1167--1183},
 publisher = {IEEE Computer Society},
 address = {Washington, DC, USA}
 }

@CONFERENCE{Amintoosi09regional,
  author =       {Mahmood Amintoosi and Mahmood Fathy and Nasser Mozayani},
  title =        {Regional Varying Image Super-Resolution},
  booktitle =    {IEEE International Joint Conference on Computational Sciences and Optimization},
  year =         {2009},
  month =        {April 23-26},
  address =      {Sanya, China},
  volume =       {1},
  pages =        {913-917}
}

@CONFERENCE{Amintoosi09video,
  author =       {M. Amintoosi and M. Fathy and N. Mozayani},
  authorfa =     {م. امین‌طوسی and م. فتحی and م.مزینی},
  title =        {Video Resolution Enhancement in the Presence of Moving Objects},
  booktitle =    {International Conference on Image Processing, Computer Vision, and Pattern Recognition},
  year =         {2009},
  address =      {Las Vegas, USA},
  month =		 {July}
}

@MASTERSTHESIS{Khalighi07MscThesis,
  AUTHOR =       {Vafa Khalighi},
  TITLE =        {Category Theory},
  SCHOOL =       {Sydny Univ.},
  YEAR =         {2007},
  MONTH =        {April}
}


@PHDTHESIS{Farsiu05thesis,
  AUTHOR =       {Sina Farsiu},
  TITLE =        {A Fast and Robust Framework for Image Fusion and Enhancement},
  SCHOOL =       {Electrical Engineeting},
  YEAR =         {2005},
  ADDRESS =      {UC Santa Cruz},
  MONTH =        {December}
}


@BOOK{Gonzalez02book,
  AUTHOR =      {Gonzalez,, Rafael C. and Woods,, Richard E.},
  TITLE =       {Digital Image Processing},
  PUBLISHER =   {Prentice-Hall, Inc.},
  YEAR =        {2006},
  ISBN = 		{013168728X},
  EDITION = 	{3rd},
  ADDRESS = {Upper Saddle River, NJ, USA},
}
 