 @article{McDonnell2004,
author = {McDonnell, Jeffrey J. and Woods, Ross},
authorfa = {جِی. مک‌دُنل and ر. وودز},
doi ={10.1016/j.jhydrol.2004.09.003},
file = {:C$\backslash$:/Users/Saeed Soleimani/Documents/Bluetooth Folder/Scientific docs/1{\_}02 used tool/McDonnell, Woods - 2004 - On the need for catchment classification.pdf:pdf},
isbn = {0022-1694},
issn = {00221694},
journal = {J. Hydrol.},
number = {1-2},
pages = {2--3},
title = {{On the need for catchment classification}},
volume = {299},
year = {2004}
}
@article{Razavi2013,
abstract = {This paper presents a },
author = {Razavi, Tara and Coulibaly, Paulin},
authorfa = {ت. رضوی and پ. کُلیبالی},
doi = {10.1061/(ASCE)HE.1943-5584.0000690},
file = {:C$\backslash$:/Users/Saeed Soleimani/Documents/Bluetooth Folder/Scientific docs/reviewTara.pdf:pdf},
issn = {1084-0699},
journal = {J. Hydrol. Eng.},
number = {8},
pages = {958--975},
title = {{Streamflow Prediction in Ungauged Basins: Review of Regionalization Methods}},
volume = {18},
year = {2013}
}
@book{مومنی,
address = {تهران},
isbn = {$978-964-04-7560-7$},
pages = {304},
publisher = {منصور مومنی},
author = {منصور مؤمنی},
title = {خوشه‌بندی داده‌ها (تحلیل خوشه‌ای)},
year = {1390},
 language = {persian}
}
@book{علیزاده,
address = {مشهد},
author = {علیزاده, امین},
isbn = {964-6582-55-9},
pages = {946},
publisher = {دانشگاه امام رضا(ع)},
title = {اصول هیدرولوژی كاربردی},
year = {1390},
 language = {persian}
}
@article{Sehgal2014,
abstract = {A new hybrid model},
author = {Sehgal, Vinit and Tiwari, Mukesh K. and Chatterjee, Chandranath},
authorfa = {و. شگال and م.ک. تیواری and چ. کاترجی},
doi = {10.1007/s11269-014-0638-7},
file = {:C$\backslash$:/Users/Saeed Soleimani/Downloads/agrawal/sehgal2014.pdf:pdf},
issn = {09204741},
journal = {Water Resour. Manag.},
keywords = {ANN,Bootstrap,Flood forecasting,MLR,Mahanadi basin,Wavelet analysis},
mendeley-groups = {Agarawall},
number = {10},
pages = {2793--2811},
title = {{Wavelet Bootstrap Multiple Linear Regression Based Hybrid Modeling for Daily River Discharge Forecasting}},
volume = {28},
year = {2014}
}