@article{Torabi2015fa,
author  = {ف. ترابی and ش. حقی and ع. جواهری},
title   = {یک مقاله در زمینه ی انرژی},
journal = {نشریه ای در زمینه ی انرژی های سبز},
year    = {2015},
Volume  = {25},
Language = {Persian},
}

@article{Torabi2015en,
author  = {F. Torabi and Sh. Haghi and A. Javaheri},
authorfa = {ف. ترابی and ش. حقی and ع. جواهری},
title   = {An Energy Related Paper},
journal = {The Journal of Energy},
year    = {2015},
Volume  = {25},
}

@BOOK{Gonzalez02book,
  AUTHOR =      {Gonzalez,, Rafael C. and Woods,, Richard E.},
  authorfa = 	{ر. گنزالس and ر. وودس },
  TITLE =       {Digital Image Processing},
  PUBLISHER =   {Prentice-Hall, Inc.},
  YEAR =        {2006},
  ISBN = 		{013168728X},
  EDITION = 	{3rd},
  ADDRESS = 	{Upper Saddle River, NJ, USA},
}